<record><leader>01777nam a2200457oi 4500</leader><controlfield tag="001">6802810</controlfield><controlfield tag="003">CaONFJC</controlfield><controlfield tag="005">20150203025106.0</controlfield><controlfield tag="006">m        d        </controlfield><controlfield tag="007">cr||n|||||||||</controlfield><controlfield tag="008">150108s2015    enk     ob    001 0 eng d</controlfield><datafield ind1=" " ind2=" " tag="020"><subfield code="a">9781849057790 (alk. paper)</subfield></datafield><datafield ind1=" " ind2=" " tag="020"><subfield code="a">1849057796 (alk. paper)</subfield></datafield><datafield ind1=" " ind2=" " tag="020"><subfield code="a">9781784500160 (ebook)</subfield></datafield><datafield ind1=" " ind2=" " tag="020"><subfield code="a">178450016X (ebook)</subfield></datafield><datafield ind1=" " ind2=" " tag="020"><subfield code="a">9781322490441 (MyiLibrary)</subfield></datafield><datafield ind1=" " ind2=" " tag="037"><subfield code="a">680326</subfield><subfield code="b">MIL</subfield></datafield><datafield ind1=" " ind2=" " tag="039"><subfield code="a">exclude</subfield></datafield><datafield ind1=" " ind2=" " tag="040"><subfield code="a">CaONFJC</subfield><subfield code="c">CaONFJC</subfield><subfield code="e">rda</subfield><subfield code="d">AEU</subfield></datafield><datafield ind1="0" ind2="4" tag="050"><subfield code="a">HQ773.8</subfield><subfield code="b">.W55 2015eb</subfield></datafield><datafield ind1="0" ind2="4" tag="082"><subfield code="a">649/.151</subfield><subfield code="2">23</subfield></datafield><datafield ind1=" " ind2=" " tag="090"><subfield code="a">Internet Access</subfield><subfield code="b">AEGMCT</subfield></datafield><datafield ind1=" " ind2=" " tag="091"><subfield code="a">DO NOT ADD TO THIS RECORD - PSA PROJECT</subfield></datafield><datafield ind1="1" ind2=" " tag="100"><subfield code="a">Wilde, Kate.</subfield></datafield><datafield ind1="1" ind2="0" tag="245"><subfield code="a">Autistic logistics</subfield><subfield code="h">[electronic resource] :</subfield><subfield code="b">a parent's guide to tackling bedtime, toilet training, tantrums, hitting, and other everyday challenges /</subfield><subfield code="c">Kate Wilde.</subfield></datafield><datafield ind1=" " ind2="1" tag="264"><subfield code="a">London ;</subfield><subfield code="a">Philadelphia :</subfield><subfield code="b">Jessica Kingsley Publishers,</subfield><subfield code="c">2015.</subfield></datafield><datafield ind1=" " ind2=" " tag="300"><subfield code="a">1 online resource.</subfield></datafield><datafield ind1=" " ind2=" " tag="336"><subfield code="a">text</subfield><subfield code="b">txt</subfield><subfield code="2">rdacontent</subfield></datafield><datafield ind1=" " ind2=" " tag="337"><subfield code="a">computer</subfield><subfield code="b">c</subfield><subfield code="2">rdamedia</subfield></datafield><datafield ind1=" " ind2=" " tag="338"><subfield code="a">online resource</subfield><subfield code="b">cr</subfield><subfield code="2">rdacarrier</subfield></datafield><datafield ind1=" " ind2=" " tag="504"><subfield code="a">Includes bibliographical references and index.</subfield></datafield><datafield ind1=" " ind2=" " tag="506"><subfield code="a">Access restricted to authorized users and institutions.</subfield></datafield><datafield ind1=" " ind2=" " tag="588"><subfield code="a">Description based on print version record.</subfield></datafield><datafield ind1=" " ind2=" " tag="596"><subfield code="a">57</subfield></datafield><datafield ind1=" " ind2="0" tag="650"><subfield code="a">Parents of autistic children.</subfield></datafield><datafield ind1=" " ind2="0" tag="650"><subfield code="a">Children with autism spectrum disorders.</subfield></datafield><datafield ind1=" " ind2="0" tag="650"><subfield code="a">Autistic children.</subfield></datafield><datafield ind1=" " ind2="0" tag="650"><subfield code="a">Child rearing.</subfield></datafield><datafield ind1="4" ind2="0" tag="856"><subfield code="3">MacEwan University Access</subfield><subfield code="u">http://lib.myilibrary.com/detail.asp?ID=680326</subfield><subfield code="z">(Single User Access)</subfield></datafield><datafield ind1=" " ind2=" " tag="949"><subfield code="w">ORDER</subfield><subfield code="h">UAIN</subfield><subfield code="m">GR_MAC_INT</subfield><subfield code="z">MILGMPSA</subfield></datafield><datafield ind1=" " ind2=" " tag="926"><subfield code="a">Internet Access</subfield><subfield code="w">ORDER</subfield><subfield code="c">1</subfield><subfield code="i">6802810-1001</subfield><subfield code="l">INTERNET</subfield><subfield code="m">GR_MAC_INT</subfield><subfield code="r">Y</subfield><subfield code="s">Y</subfield><subfield code="t">E-RESOURCE</subfield><subfield code="u">2/11/2015</subfield><subfield code="x">E-BOOK</subfield><subfield code="z">MILGMPSA</subfield></datafield></record>